@book{tanenbaum2016structured,
  title={Structured computer organization},
  author={Tanenbaum, Andrew S},
  year={2016},
  publisher={Pearson Education India}
}